<?xml version="1.0" encoding="UTF-8"?><collection xmlns="http://www.loc.gov/MARC21/slim"><record><leader>00460nam--2200145-i-4500</leader><controlfield tag="001">000011988</controlfield><controlfield tag="002">20161230</controlfield><controlfield tag="005">20161230201029</controlfield><controlfield tag="008">060222s1000------------r-----000-0-eng-d</controlfield><datafield ind1=" " ind2=" " tag="245"><subfield code="a">Problems in mathematical analysis. under the editorship of b.demidovich. translated from the russian by g.yankovsky. fourth printing 1976</subfield></datafield><datafield ind1=" " ind2=" " tag="260"><subfield code="a">Moscow, Mir Publ., 1976</subfield></datafield><datafield ind1=" " ind2=" " tag="300"><subfield code="a">496 p</subfield></datafield><datafield ind1=" " ind2=" " tag="700"><subfield code="a">Demidocivh, B</subfield></datafield><datafield ind1=" " ind2=" " tag="852"><subfield code="a">44254</subfield><subfield code="c">517</subfield></datafield><datafield ind1=" " ind2=" " tag="CAT"><subfield code="a">Sys</subfield><subfield code="c">20080707</subfield><subfield code="h">075124</subfield></datafield></record></collection>